@article{altiparmak2006genetic,
  title={A genetic algorithm approach for multi-objective optimization of supply chain networks},
  author={Altiparmak, Fulya and Gen, Mitsuo and Lin, Lin and Paksoy, Turan},
  journal={Computers \& Industrial Engineering},
  volume={51},
  number={1},
  pages={196--215},
  year={2006},
  publisher={Elsevier}
}

@article{amiri2006designing,
  title={Designing a distribution network in a supply chain system: Formulation and efficient solution procedure},
  author={Amiri, Ali},
  journal={European Journal of Operational Research},
  volume={171},
  number={2},
  pages={567--576},
  year={2006},
  publisher={Elsevier}
}

@article{gen2005hybrid,
  title={Hybrid genetic algorithm for multi-time period production/distribution planning},
  author={Gen, Mitsuo and Syarif, Admi},
  journal={Computers \& Industrial Engineering},
  volume={48},
  number={4},
  pages={799--809},
  year={2005},
  publisher={Elsevier}
}


@article{jayaraman2001planning,
  title={Planning and coordination of production and distribution facilities for multiple commodities},
  author={Jayaraman, Vaidyanathan and Pirkul, Hasan},
  journal={European journal of operational research},
  volume={133},
  number={2},
  pages={394--408},
  year={2001},
  publisher={Elsevier}
}


@article{syarif2002study,
  title={Study on multi-stage logistic chain network: a spanning tree-based genetic algorithm approach},
  author={Syarif, Admi and Yun, YoungSu and Gen, Mitsuo},
  journal={Computers \& Industrial Engineering},
  volume={43},
  number={1},
  pages={299--314},
  year={2002},
  publisher={Elsevier}
}




